<?xml version="1.0" encoding="UTF-8"?><record xmlns="http://www.loc.gov/MARC21/slim" xmlns:cinclude="http://apache.org/cocoon/include/1.0" xmlns:zs="http://www.loc.gov/zing/srw/">
  <leader>01125cz  a2200217n  4500</leader>
  <controlfield tag="001">n 2006013930</controlfield>
  <controlfield tag="003">DLC</controlfield>
  <controlfield tag="005">20130306140914.0</controlfield>
  <controlfield tag="008">060224n| azannaabn          |n aaa      </controlfield>
  <datafield tag="010" ind1=" " ind2=" ">
    <subfield code="a">n 2006013930</subfield>
  </datafield>
  <datafield tag="035" ind1=" " ind2=" ">
    <subfield code="a">(OCoLC)oca06865465</subfield>
  </datafield>
  <datafield tag="040" ind1=" " ind2=" ">
    <subfield code="a">DLC</subfield>
    <subfield code="b">eng</subfield>
    <subfield code="e">rda</subfield>
    <subfield code="c">DLC</subfield>
    <subfield code="d">MoSU</subfield>
  </datafield>
  <datafield tag="100" ind1="1" ind2=" ">
    <subfield code="a">McGuinn, Patrick J.</subfield>
  </datafield>
  <datafield tag="370" ind1=" " ind2=" ">
    <subfield code="f">Madison, N.J.</subfield>
  </datafield>
  <datafield tag="373" ind1=" " ind2=" ">
    <subfield code="a">Drew University. Political Science Department</subfield>
  </datafield>
  <datafield tag="374" ind1=" " ind2=" ">
    <subfield code="a">Political science teachers</subfield>
    <subfield code="a">College teachers</subfield>
    <subfield code="2">lcsh</subfield>
  </datafield>
  <datafield tag="375" ind1=" " ind2=" ">
    <subfield code="a">male</subfield>
  </datafield>
  <datafield tag="377" ind1=" " ind2=" ">
    <subfield code="a">eng</subfield>
  </datafield>
  <datafield tag="670" ind1=" " ind2=" ">
    <subfield code="a">No child left behind and the transformation of federal education policy, 1965-2005, c2006:</subfield>
    <subfield code="b">ECIP t.p. (Patrick J. McGuinn)</subfield>
  </datafield>
  <datafield tag="670" ind1=" " ind2=" ">
    <subfield code="a">Education governance for the twenty-first century, c2013:</subfield>
    <subfield code="b">t.p. (Patrick McGuinn) p. 396 (Patrick McGuinn; associate professor of political science at Drew University; author of No child left behind and the transformation of federal education policy)</subfield>
  </datafield>
  <datafield tag="670" ind1=" " ind2=" ">
    <subfield code="a">Drew University, Political Science Department website, viewed March 1, 2013:</subfield>
    <subfield code="b">link to Faculty &amp; staff page (Patrick McGuinn; Patrick J. McGuinn)</subfield>
    <subfield code="u">http://www.drew.edu/politicalscience/faculty-staff/patrick-mcguinn</subfield>
  </datafield>
</record>